@article{Duffie2003,
author = {Duffie, D. and Filipovi{\'{c}}, D. and Schachermayer, W.},
doi = {10.1214/aoap/1060202833},
file = {:home/mvarble/.local/share/data/Mendeley Ltd./Mendeley Desktop/Downloaded/Duffie, Filipovic, Schachermayer - 2003 - Affine processes and applications in finance.pdf:pdf},
issn = {1050-5164},
journal = {The Annals of Applied Probability},
month = {aug},
number = {3},
pages = {984--1053},
title = {{Affine processes and applications in finance}},
url = {http://projecteuclid.org/euclid.aoap/1060202833},
volume = {13},
year = {2003}
}

@article{Filipovic2005,
abstract = {Affine processes are distinguished by their rich structural properties, which makes them favorite when it comes to computations in financial applications of all kind. This fact has been explored and illustrated for the time-homogeneous case in a recent paper by Duffie, Filipovi{\'{c}} and Schachermayer. However, there are many situations which require time-dependent parameters, such as when it comes to model calibration. This paper provides a rigorous treatment and complete characterization of time-inhomogeneous affine processes.},
author = {Filipovi{\'{c}}, Damir},
doi = {https://doi.org/10.1016/j.spa.2004.11.006},
issn = {0304-4149},
journal = {Stochastic Processes and their Applications},
keywords = { Time-inhomogeneity,Affine processes},
number = {4},
pages = {639--659},
title = {{Time-inhomogeneous affine processes}},
url = {https://www.sciencedirect.com/science/article/pii/S0304414904001838},
volume = {115},
year = {2005}
}

@phdthesis{Cuchiero2011,
author = {{Cuchiero, Christina}},
file = {:home/mvarble/.local/share/data/Mendeley Ltd./Mendeley Desktop/Downloaded/Cuchiero - 2011 - Affine and Polynomial Processes.pdf:pdf},
school = {ETH Zurich},
title = {{Affine and Polynomial Processes}},
year = {2011},
url = {https://www.research-collection.ethz.ch/handle/20.500.11850/46416}
}

@article{Keller-Ressel2015,
author = {Keller-Ressel, Martin and Mayerhofer, Eberhard},
doi = {10.1214/14-AAP1009},
file = {:home/mvarble/.local/share/data/Mendeley Ltd./Mendeley Desktop/Downloaded/Keller-Ressel, Mayerhofer - 2015 - Exponential moments of affine processes.pdf:pdf},
issn = {1050-5164},
journal = {The Annals of Applied Probability},
month = {apr},
number = {2},
pages = {714--752},
title = {{Exponential moments of affine processes}},
url = {http://projecteuclid.org/euclid.aoap/1424355129},
volume = {25},
year = {2015}
}

@book{Kallenberg2002,
address = {New York, NY},
author = {Kallenberg, Olav},
doi = {10.1007/978-1-4757-4015-8},
isbn = {978-1-4419-2949-5},
publisher = {Springer New York},
series = {Probability and Its Applications},
title = {{Foundations of Modern Probability}},
url = {http://link.springer.com/10.1007/978-1-4757-4015-8},
year = {2002}
}

@website{Julia,
  year={},
  author={},
  title={The Julia Programming Language},
  url={https://julialang.org}
}

@website{Vim,
  year={},
  author={},
  title={Vim},
  url={https://www.vim.org}
}

@website{Revise-jl,
  year={},
  author={},
  title={Revise.jl},
  url={https://timholy.github.io/Revise.jl/stable/}
}

@website{Levy-Continuity-Wiki,
  year={},
  author={},
  title={LÃ©vy's Continuity Theorem},
  url={https://en.wikipedia.org/wiki/L%C3%A9vy%27s_continuity_theorem}
}

@website{Gamma-Wiki,
  year={},
  author={},
  title={Gamma Distribution},
  url={https://en.wikipedia.org/wiki/Gamma_distribution}
}

@website{Euler-Maruyama-Wiki,
  year={},
  author={},
  title={Euler-Maruyama Method},
  url={https://en.wikipedia.org/wiki/Euler%E2%80%93Maruyama_method}
}

@website{Bayes-Theorem-Wiki,
  year={},
  author={},
  title={Bayes' Theorem},
  url={https://en.wikipedia.org/wiki/Bayes%27_theorem}
}

@website{TPLink-Github,
  year={},
  author={},
  title={TP-Link WiFi SmartPlug Client and Wireshark Dissector},
  url={https://github.com/softScheck/tplink-smartplug}
}

@website{TPLink-Story,
  year={},
  author={},
  title={Reverse Engineering the TP-Link HS110},
  url={https://www.softscheck.com/en/reverse-engineering-tp-link-hs110/}
}

@website{Inverse-Square-Law,
  year={},
  author={},
  title={Inverse-Square Law},
  url={https://en.wikipedia.org/wiki/Inverse-square_law}
}

@website{python,
  year={},
  author={},
  title={The Python Programming Language},
  url={https://www.python.org/}
}

@website{QuadGK-jl,
  year={},
  author={},
  title={QuadGK.jl},
  url={https://juliamath.github.io/QuadGK.jl/stable/}
}

@website{Optim-jl,
  year={},
  author={},
  title={Optim.jl},
  url={https://julianlsolvers.github.io/Optim.jl/stable/}
}

@website{tokio,
  year={},
  author={},
  title={Tokio - An asynchronous Rust runtime},
  url={https://tokio.rs/}
}

@website{tokio-docs,
  year={},
  author={},
  title={Tokio documentation},
  url={https://docs.rs/tokio/1.12.0/tokio/index.html}
}

@website{crust-of-rust-async,
  year={},
  author={},
  title={Crust of Rust: async/await},
  url={https://www.youtube.com/watch?v=ThjvMReOXYM}
}
